@Book(DW-Springer2004
  ,author       = {Dirk Draheim and Gerald Weber}
  ,title        = {{Form-Oriented Analysis - A New Methodology to Model Form-Based Applications}}
  ,publisher    = {Springer}
  ,month        = {October}
  ,year         = {2004}
  ,note         = {}
)

@incollection(typesys
  ,author       = {Luca Cardelli}
  ,title        = {{Type Systems}}
  ,booktitle    = {Handbook of Computer Science and Engineering}
  ,chapter      = {103}
  ,year         = {1997}
  ,publisher    = {CRC Press}
)

@misc{reflection,
  author = "François-Nicola Demers and Jacques Malenfant",
  title = {{Reflection in Logic, Functional and Object-oriented Programming: a Short Comparative Study}},
  year = {1995},
  url = "citeseer.nj.nec.com/106401.html" 
}

@TechReport(DLW-TR-B-04-02
  ,author       = {Dirk Draheim and Christof Lutteroth and Gerald Weber}
  ,title        = {{An Analytical Comparison of Generative Programming Technologies}}
  ,institution  = {Institute of Computer Science, Freie Universit\"at Berlin}
  ,year         = {2004}
  ,month        = {January}
  ,number       = {B-04-02}
  ,note         = {}
  ,url          = {http://www.inf.fu-berlin.de/inst/pubs/tr-b-04-02.abstract.html}
)


@InProceedings(DLW-CSMR2005
  ,author       = {Dirk Draheim and Christof Lutteroth and Gerald Weber}
  ,title        = {{A Source Code Independent Reverse Engineering Tool for Dynamic Web Sites}}
  ,booktitle    = {Proceedings of the 9th European Conference on Software Maintenance and Reengineering}
  ,series       = {}
  ,pages        = {}
  ,year         = {2005}
  ,editor       = {}
  ,month        = {}
  ,note         = {to appear}
  ,publisher    = {IEEE Press}
)
