% This is part of the bibliography file for Alistair
% Kwan's PhD dissertation, plus one item added for 
% demonstrating the Auckland Thesis Class.

@book{Bringhurst1999,
	author = {Robert Bringhurst},
	title = {The elements of typographic style},
	shorttitle = {Elements},
	edition = {2},
	address = {Point Roberts, W.A.},
	publisher = {Hartley \& Marks},
	date = {1999}
	}

@article{Nielsen1968,
	Author = {Axel V. Nielsen},
	Date-Added = {2010-02-02 20:51:57 -0500},
	Date-Modified = {2010-02-02 20:53:23 -0500},
	Journal = {Vistas in Astronomy},
	Pages = {105--112},
	Shorttitle = {Ole R{\o}mer},
	Title = {Ole R{\o}mer and his meridian circle},
	Volume = {10},
	Year = {1968}}

@book{Chambers1728,
	Author = {Ephraim Chambers},
	Date-Added = {2010-01-28 09:57:22 -0500},
	Date-Modified = {2010-01-28 10:03:45 -0500},
	Location = {London},
	Publisher = {printed for J. and J.\ Knapton [et al]},
	Shorttitle = {Cyclop{\ae}dia},
	Title = {Cyclop{\ae}dia, or, an universal dictionary of arts and sciences},
	Year = {1728}}

@book{Dale1936,
	Author = {Antony Dale},
	Date-Added = {2009-09-27 14:27:13 -0400},
	Date-Modified = {2009-09-27 14:27:48 -0400},
	Location = {Oxford},
	Publisher = {Basil Blackwell},
	Shorttitle = {James Wyatt},
	Title = {James Wyatt: architect},
	Year = {1936}}

@article{Kelly1985,
	Author = {Alison Kelly},
	Date-Added = {2009-09-22 22:18:33 -0400},
	Date-Modified = {2009-09-22 22:22:29 -0400},
	Journal = {Architectural History},
	Pages = {71--101},
	Title = {Coade Stone in Georgian architecture},
	Volume = {28},
	Year = {1985}}

@book{Turnor1950,
	Author = {Reginald Turnor},
	Date-Added = {2009-09-22 21:23:22 -0400},
	Date-Modified = {2009-09-22 21:23:56 -0400},
	Location = {London},
	Publisher = {Art and Technics},
	Title = {James Wyatt},
	Year = {1950}}

@incollection{Robinson2009,
	Author = {John Martin Robinson},
	Booktitle = {Grove Art Online},
	Date-Added = {2009-09-18 11:07:48 -0400},
	Date-Modified = {2010-02-12 08:59:19 -0500},
	Editor = {Carlo Bertelli and Whitney Chadwick and Jessica Rawson and Samuel Sachs II and Willibald Sauerl{\"a}nder},
	Location = {\url{http://www.oxfordartonline.com/subscriber/article/grove/art/T092453pg2}},
	Publisher = {Oxford University Press},
	Title = {Wyatt},
	Year = {2009}}

@book{Lassels1698,
	Author = {Richard Lassels},
	Date-Added = {2009-09-13 14:07:58 -0400},
	Date-Modified = {2009-09-13 14:08:53 -0400},
	Location = {London},
	Publisher = {printed for Richard Wellington},
	Shorttitle = {Italian voyage},
	Title = {An Italian voyage, or, a compleat journey through Italy},
	Year = {1698}}

@book{Stow1720,
	Author = {John Stow},
	Date-Added = {2009-09-13 13:21:57 -0400},
	Date-Modified = {2009-09-13 13:44:57 -0400},
	Location = {London},
	Note = {Edited by John Strype},
	Shortauthor = {{Stow ed. Strype}},
	Shorttitle = {Survey},
	Title = {A survey of the cities of London and Westminster},
	Year = {1720}}

@book{Fletcher1921,
	Author = {Hugh Banister Fletcher},
	Date-Added = {2009-09-13 12:12:28 -0400},
	Date-Modified = {2009-09-13 12:14:28 -0400},
	Edition = {6},
	Location = {New York},
	Publisher = {Charles Scribner's Sons},
	Shorttitle = {History of architecture},
	Title = {A history of architecture on the comparative method},
	Year = {1921}}

@book{Benham1902,
	Author = {William Benham},
	Date-Added = {2009-09-12 14:54:25 -0400},
	Date-Modified = {2009-09-12 14:55:11 -0400},
	Location = {London},
	Publisher = {Seeley and Co. Ltd},
	Title = {Old St. Paul's cathedral},
	Year = {1902}}

@book{Burnett2005,
	Author = {D Graham Burnett},
	Date-Added = {2009-09-12 11:51:47 -0400},
	Date-Modified = {2009-09-12 11:54:12 -0400},
	Location = {Philadelphia},
	Note = {\emph{Transactions of the American Philosophical Society} 95 part 3},
	Publisher = {American Philosophical Society},
	Shorttitle = {Descartes and the hyperbolic quest},
	Title = {Descartes and the hyperbolic quest: lens making machines and their significance in the seventeenth century},
	Year = {2005}}

@article{Turnbull1953,
	Author = {G H Turnbull},
	Date-Added = {2009-09-02 14:16:49 -0400},
	Date-Modified = {2009-09-02 14:21:50 -0400},
	Journal = {Notes \& Records of the Royal Society},
	Pages = {101--130},
	Shorttitle = {Samuel Hartlib's influence},
	Title = {Samuel Hartlib's influence on the early history of the Royal Society},
	Volume = {10},
	Year = {1953}}

@article{Smethwick1667,
	Author = {Francis Smethwick},
	Date-Added = {2009-09-02 14:13:58 -0400},
	Date-Modified = {2009-09-02 14:16:17 -0400},
	Journal = {Philosophical Transactions},
	Pages = {631--632},
	Shorttitle = {Invention of grinding optick and burning glasses not spherical},
	Title = {An account of the invention of grinding optick and burning-glasses, of a figure not-spherical, produced before the Royal Society},
	Volume = {3},
	Year = {1667/8}}

@article{Hunter1984,
	Author = {Michael Hunter},
	Date-Added = {2009-09-02 13:05:20 -0400},
	Date-Modified = {2009-09-02 13:06:14 -0400},
	Journal = {Notes \& Records of the Royal Society},
	Pages = {159--186},
	Title = {A `college' for the Royal Society: the abortive plan of 1667--1668},
	Volume = {38},
	Year = {1984}}

@article{Simpson1985,
	Author = {A D C Simpson},
	Date-Added = {2009-08-28 10:37:31 -0400},
	Date-Modified = {2009-08-28 10:38:59 -0400},
	Journal = {Vistas in Astronomy},
	Pages = {357--365},
	Shorttitle = {Richard Reeve},
	Title = {Richard Reeve---the `English Campani'---and the origins of the London telescope-making tradition},
	Volume = {28},
	Year = {1985}}

@incollection{Simpson1989,
	Author = {A D C Simpson},
	Booktitle = {Robert Hooke: new studies},
	Date-Added = {2009-08-28 10:24:30 -0400},
	Date-Modified = {2009-08-28 10:25:45 -0400},
	Editor = {Michael Hunter and Simon Schaffer},
	Location = {Woodbridge},
	Publisher = {Boydell Press},
	Shorttitle = {Hooke and practical optics},
	Title = {Robert Hooke and practical optics: technical support at a scientific frontier},
	Year = {1989}}

@incollection{Schmutz2006,
	Author = {Jacob Schmutz},
	Booktitle = {Centuriae latinae \textsc{ii}. Cent et une figures humanistes de la Renaissance aux Lumi{\`e}res},
	Date-Added = {2009-08-20 11:10:47 -0400},
	Date-Modified = {2009-08-20 11:12:36 -0400},
	Editor = {Colette Nativel},
	Location = {Gen{\`e}ve},
	Publisher = {Droz},
	Shorttitle = {Juan Caramuel},
	Title = {Juan Caramuel y Lobkowitz (1606--1682)},
	Year = {2006}}

@article{Wren1669,
	Author = {Christopher Wren},
	Date-Added = {2009-07-17 14:00:19 -0400},
	Date-Modified = {2009-08-09 00:35:37 -0400},
	Journal = {Philosophical Transactions},
	Number = {53},
	Pages = {1059--1060 ({H4f}\textsuperscript{r--v})},
	Shorttitle = {Engin for grinding hyperbolical glasses},
	Title = {A description of Dr. Christopher Wren's engin, designed for grinding hyperbolical glasses},
	Volume = {4},
	Year = {1669}}

@book{DSBnew,
	Date-Added = {2009-07-17 11:50:37 -0400},
	Date-Modified = {2009-07-17 11:52:34 -0400},
	Editor = {Norette Koertge},
	Location = {Detroit},
	Owner = {Owner},
	Publisher = {Scribner \& Sons},
	Shortauthor = {{Koertge (ed.)}},
	Shorthand = {\emph{DSB}},
	Shorttitle = {New DSB},
	Timestamp = {2006.05.21},
	Title = {New dictionary of scientific biography},
	Year = {2008}}

@book{CatholicEncyclopedia,
	Date-Added = {2009-07-17 10:54:58 -0400},
	Date-Modified = {2009-09-13 12:14:55 -0400},
	Edition = {2},
	Editor = {Thomas Carson and Joann Errito and Erin Bealmear and Jim Craddock and Stephen Cusack and Miranda Ferrar and Kristin Hart and Melissa Hill and Margaret Mazurkiewicz and Carol Schwartz and Christine Tomassini and Michael J Tyrkus},
	Location = {Detroit},
	Publisher = {Thomson/Gale},
	Title = {New Catholic encyclopedia},
	Year = {2003}}

@article{Glick1971,
	Author = {Thomas F Glick},
	Date-Added = {2009-07-17 10:52:34 -0400},
	Date-Modified = {2009-07-17 10:53:59 -0400},
	Journal = {Isis},
	Number = {3},
	Pages = {379--381},
	Shorttitle = {Influence of Kircher in Spain},
	Title = {On the influence of Kircher in Spain},
	Volume = {62},
	Year = {1971}}

@book{Wolf1968,
	Author = {Robert Erich Wolf and Ronald Millen},
	Date-Added = {2009-04-12 01:34:22 -0400},
	Date-Modified = {2009-04-12 01:35:11 -0400},
	Location = {New York},
	Publisher = {Harry N. Abrams},
	Title = {Renaissance and mannerist art},
	Year = {1968}}

@book{Hetherington2006,
	Author = {Norriss S. Hetherington},
	Date-Added = {2009-04-12 00:30:49 -0400},
	Date-Modified = {2009-04-12 00:35:12 -0400},
	Location = {Westport, CT},
	Publisher = {Greenwood Publishing Group},
	Shorttitle = {Planetary motions},
	Title = {Planetary motions: a historical perspective},
	Year = {2006}}

@article{Ferguson1925,
	Author = {John Ferguson},
	Date-Added = {2009-04-11 22:06:32 -0400},
	Date-Modified = {2009-04-11 22:09:31 -0400},
	Journal = {Papers of the Edinburgh Bibliographical Society},
	Pages = {1--23},
	Shorttitle = {Bibliographical notes on \emph{De occulta philosophia}},
	Title = {Bibliographical notes on the treatises \emph{De occulta philosophia} and \emph{De incertitudine et vanitate scientiarum} of Cornelius Agrippa},
	Volume = {12},
	Year = {1925}}

@book{Mumford1961,
	Author = {Lewis Mumford},
	Date-Added = {2009-04-07 14:00:45 -0400},
	Date-Modified = {2009-04-07 14:01:24 -0400},
	Location = {New York},
	Publisher = {Harcourt Brace},
	Shorttitle = {City in history},
	Title = {The city in history},
	Year = {1961}}

@article{Pumfrey2004,
	Author = {Stephen Pumfrey and Frances Dawbarn},
	Date-Added = {2009-04-06 21:27:50 -0400},
	Date-Modified = {2009-04-06 21:29:09 -0400},
	Journal = {History of Science},
	Pages = {137--188},
	Shorttitle = {Science and patronage in England},
	Title = {Science and patronage in England, 1570--1625: a preliminary study},
	Volume = {42},
	Year = {2004}}

@book{Imhof1996,
	Author = {Arthur Erwin Imhof and Thomas Robisheaux},
	Date-Added = {2009-03-29 00:00:00 -0400},
	Date-Modified = {2009-03-29 00:01:32 -0400},
	Location = {Charlottesville},
	Publisher = {University Press of Virginia},
	Shorttitle = {Lost worlds},
	Title = {Lost worlds: how our European ancestors coped with everyday life and why life is so hard today},
	Year = {1996}}

@article{Hanschke1991,
	Author = {Ulrike Hanschke},
	Date-Added = {2009-03-23 16:04:33 -0400},
	Date-Modified = {2009-03-23 16:07:58 -0400},
	Journal = {Gartenkunst},
	Number = {2},
	Pages = {175--188},
	Shorttitle = {Gartenanlagen der Landgrafen Wilhelm~\textsc{iv}},
	Title = {Die Gartenanlagen der Landgrafen Wilhelm~\textsc{iv}. und Moritz in Kassel im Spiegel handschrifter Quellen},
	Volume = {3},
	Year = {1991}}

@book{Kusukawa1995,
	Author = {Sachiko Kusukawa},
	Date-Added = {2009-03-23 15:04:06 -0400},
	Date-Modified = {2009-03-23 15:04:46 -0400},
	Location = {Cambridge},
	Publisher = {Cambridge University Press},
	Shorttitle = {Transformation of natural philosophy},
	Title = {The transformation of natural philosophy: the case of Philip Melanchthon},
	Year = {1995}}

@book{Zeiller1655,
	Author = {Martin Zeiller},
	Date-Added = {2009-03-22 23:00:07 -0400},
	Date-Modified = {2009-04-03 16:55:44 -0400},
	Location = {Kassel; Basel},
	Note = {Facsimile reprint of first edition (Franckfurt am Mayn: Zum Truck verlegt von denen Merianischen Erben, 1655)},
	Publisher = {B{\"a}renreiter},
	Shorttitle = {Topographia Hassi{\ae}},
	Title = {Topographia Hassi{\ae}, et regionum vicinarum: Das ist Beschreibung unnd eygentliche Abbildungen der vornehmsten St{\"a}tte und Pl{\"a}tze in Hessen\dots},
	Year = {1959}}

@book{Braun1572,
	Annotation = {[CtY-BR 1975 Folio 41]},
	Author = {Braun, Georg and Hogenberg, Franz},
	Date-Added = {2009-03-22 21:58:10 -0400},
	Date-Modified = {2009-03-22 21:58:10 -0400},
	Location = {Coloni{\ae} Agrippin{\ae}},
	Owner = {Owner},
	Shortauthor = {{Braun \& Hogenberg}},
	Shorttitle = {Civitates orbis terrarvm},
	Timestamp = {2006.05.29},
	Title = {Civitates orbis terrarvm},
	Year = {[1572--]1618}}

@article{Leopold1995,
	Author = {J. H. Leopold},
	Date-Added = {2009-03-20 10:04:34 -0400},
	Date-Modified = {2009-03-20 10:08:02 -0400},
	Journal = {Journal of the History of Collections},
	Number = {2},
	Pages = {151--157},
	Title = {Collecting instruments in Protestant Europe before 1800},
	Volume = {7},
	Year = {1995}}

@incollection{Moran1980,
	Author = {Bruce T. Moran},
	Booktitle = {Scientific discovery: case studies},
	Date-Added = {2009-03-12 12:34:58 -0400},
	Date-Modified = {2009-04-10 12:14:19 -0400},
	Editor = {Thomas Nickles},
	Location = {Dordrecht},
	Pages = {67--96},
	Publisher = {D. Reidel},
	Shorttitle = {Wilhelm~\textsc{iv}: aristocratic context},
	Title = {Wilhelm \textsc{iv} of Hesse-Kassel: informal communication and the aristocratic context of discovery},
	Year = {1980}}

@book{Zinner1990,
	Author = {Ernst Zinner},
	Date-Added = {2009-03-12 11:56:29 -0400},
	Date-Modified = {2009-03-12 12:32:38 -0400},
	Location = {Amsterdam},
	Note = {Translation by Ezra Brown of \emph{Leben und Wirken des Joh.\ M{\"u}ller von K{\"o}nigsberg, gennant Regiomontanus} (Osnabr{\"u}ck: Otto Zeller, 1968)},
	Publisher = {North Holland},
	Shorttitle = {Regiomontanus},
	Title = {Regiomontanus: his life and work},
	Year = {1990}}

@article{Johnston1991,
	Author = {Stephen Johnston},
	Date-Added = {2009-03-09 14:22:35 -0400},
	Date-Modified = {2009-03-10 10:43:02 -0400},
	Journal = {Annals of Science},
	Pages = {319--344},
	Title = {Mathematical practitioners and instruments in Elizabethan England},
	Volume = {48},
	Year = {1991}}

@article{Moran1981,
	Author = {Bruce T. Moran},
	Date-Added = {2009-03-08 23:02:21 -0400},
	Date-Modified = {2009-03-12 13:35:10 -0400},
	Journal = {Technology and Culture},
	Pages = {253--274},
	Shorttitle = {German prince-practitioners},
	Title = {German prince-practitioners: aspects in the development of courtly science, technology and procedures in the Renaissance},
	Volume = {22},
	Year = {1981}}

@article{Rankin2007,
	Author = {A Rankin},
	Date-Added = {2009-03-08 23:00:58 -0400},
	Date-Modified = {2009-03-08 23:01:45 -0400},
	Journal = {Isis},
	Pages = {23--53},
	Title = {Becoming an expert practitioner: court experimentalism and the medical skills of Anna of Saxony (1532--1585)},
	Volume = {98},
	Year = {2007}}

@incollection{Peters2004,
	Author = {Ted Peters},
	Booktitle = {Blackwell companion to Protestantism},
	Date-Added = {2009-02-27 09:52:14 -0500},
	Date-Modified = {2009-03-29 11:22:36 -0400},
	Editor = {Alister E. McGrath and Darren C. Marks},
	Location = {Oxford},
	Pages = {306--321},
	Publisher = {Blackwell},
	Title = {Protestantism and the sciences},
	Year = {2004}}

@book{BlackwellCompProtestantism,
	Date-Added = {2009-02-27 09:49:06 -0500},
	Date-Modified = {2009-02-27 09:51:19 -0500},
	Editor = {Alister E. McGrath and Darren C. Marks},
	Location = {Oxford},
	Publisher = {Blackwell},
	Shorttitle = {Blackwell Companion to Protestantism},
	Title = {The Blackwell Companion to Protestantism},
	Year = {2003}}

@article{Fink-Jensen2006,
	Author = {Morten Fink-Jensen},
	Date-Added = {2009-02-20 17:58:16 -0500},
	Date-Modified = {2009-02-20 17:59:27 -0500},
	Journal = {Bulletin of the History of Medicine},
	Number = {3},
	Pages = {439--464},
	Title = {Medicine, natural philosophy, and the influence of Melanchthon in Reformation Denmark and Norway},
	Volume = {80},
	Year = {2006}}

@book{Theophrastus2007,
	Author = {{Theophrastus of Eresus}},
	Date-Added = {2009-01-07 00:52:14 -0500},
	Date-Modified = {2009-01-07 00:53:42 -0500},
	Location = {Leiden},
	Note = {Edited by David Sider and Carl Wolfram Brunsch{\"o}n},
	Publisher = {Brill},
	Shortauthor = {Theophr.},
	Shorttitle = {De sig.},
	Title = {On weather signs},
	Year = {2007}}

@article{Michelson1881,
	Author = {Albert Abraham Michelson},
	Date-Added = {2008-11-27 11:54:34 -0500},
	Date-Modified = {2008-11-27 11:56:16 -0500},
	Journal = {American Journal of Science},
	Pages = {120--129},
	Title = {The relative motion of the {E}arth and the luminiferous ether},
	Volume = {22},
	Year = {1881}}

@book{Delambre1806,
	Author = {Jean Baptiste Joseph Delambre},
	Date-Added = {2008-11-26 17:11:10 -0500},
	Date-Modified = {2008-11-26 17:17:06 -0500},
	Location = {Paris},
	Publisher = {Baudouin},
	Shorttitle = {Base du syst{\`e}me m{\'e}trique},
	Title = {Base du syst{\`e}me m{\'e}trique d{\'e}cimal, ou mesure de l'arc du m{\'e}ridien compris entre les parall{\`e}les de {D}unkerque et {B}arcelone\dots},
	Year = {1806--1810}}

@article{Haubold1988,
	Author = {Barbara Haubold and Hans Joachim Haubold and Lewis Pyenson},
	Date-Added = {2008-11-25 15:18:54 -0500},
	Date-Modified = {2008-11-25 15:26:46 -0500},
	Journal = {American Institute of Physics Conference Proceedings},
	Number = {42--54},
	Title = {Michelson's first ether-drift experiment in {B}erlin and {P}otsdam},
	Volume = {179},
	Year = {1988}}

@book{NationalRegisterHistoricPlaces,
	Author = {{National Park Service}},
	Date-Added = {2008-11-12 11:06:05 -0500},
	Date-Modified = {2008-11-12 11:08:06 -0500},
	Location = {Washington, DC},
	Publisher = {National Park Service et al.},
	Shorttitle = {National register of historic places},
	Title = {National register of historic places, 1966-1994: cumulative list through January 1, 1994},
	Year = {[1994]}}

@book{Scaife2000,
	Author = {W. Garrett Scaife},
	Date-Added = {2008-11-11 16:55:06 -0500},
	Date-Modified = {2008-11-11 16:56:03 -0500},
	Location = {Bristol; Philadelphia},
	Publisher = {Institute of Physics Publishing},
	Shorttitle = {From galaxies to turbines},
	Title = {From galaxies to turbines: science, technology and the Parsons family},
	Year = {2000}}

@article{Sorrenson2001,
	Author = {Richard Sorrenson},
	Date-Added = {2008-11-06 16:47:23 -0500},
	Date-Modified = {2009-03-10 10:43:46 -0400},
	Journal = {History of Science},
	Pages = {31--55},
	Shorttitle = {Dollond \& Son's pursuit of achromaticity},
	Title = {Dollond \& Son's pursuit of achromaticity, 1758--1789},
	Volume = {39},
	Year = {2001}}

@book{Gilmore1971,
	Author = {C. Stewart Gilmore},
	Date-Added = {2008-10-20 16:23:52 -0400},
	Date-Modified = {2008-10-20 16:25:19 -0400},
	Location = {Princeton},
	Publisher = {Princeton University Press},
	Shorttitle = {Coulomb},
	Title = {Coulomb and the evolution of physics and engineering in eighteenth-century France},
	Year = {1971}}

@book{Chang2004,
	Author = {Hasok Chang},
	Date-Added = {2008-10-19 11:02:50 -0400},
	Date-Modified = {2008-10-19 11:03:36 -0400},
	Location = {Oxford},
	Publisher = {Oxford University Press},
	Shorttitle = {Inventing temperature},
	Title = {Inventing temperature: measurement and scientific progress},
	Year = {2004}}

@book{dAviler1693,
	Annotation = {[Bodleian 4\degree\ \textsc{z 11 art}]},
	Author = {d'Aviler, Augustin-Charles},
	Date-Added = {2008-08-08 14:20:52 +0100},
	Date-Modified = {2008-09-04 15:28:22 -0400},
	Location = {Paris},
	Note = {\emph{Cours d'architecture}, vol.\ \textsc{ii}},
	Publisher = {Nicholas Langlois},
	Title = {Dictionnaire d'architecture, ou explication de tous les termes, dont on se sert dans architecture\dots},
	Year = {1693}}

@incollection{Hutchins2005,
	Author = {Roger Hutchins},
	Booktitle = {History of the Radcliffe Observatory},
	Date-Added = {2008-08-03 16:08:36 -0400},
	Date-Modified = {2008-08-03 16:10:33 -0400},
	Editor = {Jeffery Burley and Kristina Plenderleith},
	Location = {Oxford},
	Pages = {63--101},
	Publisher = {Green College},
	Title = {Astronomical measurement at the Radcliffe Observatory 1773--1934},
	Year = {2005}}

@book{Guest1991,
	Author = {Ivor Guest},
	Date-Added = {2008-08-03 15:42:38 -0400},
	Date-Modified = {2008-08-03 15:43:12 -0400},
	Location = {London},
	Publisher = {Radcliffe Trust},
	Title = {Dr John Radcliffe and his trust},
	Year = {1991}}

@incollection{Inskip2005,
	Author = {Peter Inskip},
	Booktitle = {History of the Radcliffe Observatory},
	Date-Added = {2008-08-03 15:37:27 -0400},
	Date-Modified = {2008-08-03 15:38:21 -0400},
	Editor = {Jeffery Burley and Kristina Plenderleith},
	Location = {Oxford},
	Pages = {159--176},
	Publisher = {Green College},
	Title = {The conservation of the exterior of the Radcliffe Observatory},
	Year = {2005}}

@incollection{Popkin2005,
	Author = {Michael Popkin},
	Booktitle = {History of the Radcliffe Observatory},
	Date-Added = {2008-08-03 15:35:33 -0400},
	Date-Modified = {2008-08-03 15:36:59 -0400},
	Editor = {Jeffery Burley and Kristina Plenderleith},
	Location = {Oxford},
	Pages = {19--29},
	Publisher = {Green College},
	Title = {Allegorical figures on the Radcliffe Observatory},
	Year = {2005}}

@book{edBurley2005,
	Date-Added = {2008-08-03 15:34:04 -0400},
	Date-Modified = {2008-08-03 15:35:24 -0400},
	Editor = {Jeffery Burley and Kristina Plenderleith},
	Location = {Oxford},
	Publisher = {Green College},
	Shorttitle = {History of the Radcliffe Observatory},
	Title = {A history of the Radcliffe Observatory Oxford: the biography of a building},
	Year = {2005}}

@book{dAviler1755,
	Author = {Augustin-Charles d'Aviler},
	Date-Added = {2008-08-01 23:03:57 -0400},
	Date-Modified = {2008-08-01 23:09:53 -0400},
	Location = {Paris},
	Publisher = {C.-A. Jombert},
	Shorttitle = {Dictionnaire d'architecture},
	Title = {Dictionnaire d'architecture civile et hydraulique, et des arts qui en d\'ependent},
	Year = {1755}}

@book{Blondel1771,
	Author = {Jacques-Fran{\c c}ois Blondel},
	Date-Added = {2008-08-01 23:00:39 -0400},
	Date-Modified = {2008-08-01 23:02:46 -0400},
	Location = {Paris},
	Publisher = {Desaint},
	Shorttitle = {Cours d'architecture},
	Title = {Cours d'architecture, ou trait\'e de la d\'ecoration, distribution \& construction des b\^atiments; contenant les le{\c c}ons donn\'ees en 1750, \& les ann\'ees suivantes},
	Year = {1771--77}}

@book{GuntherEarlySci,
	Author = {Robert Theodore Gunther},
	Date-Added = {2008-07-28 22:10:56 -0400},
	Date-Modified = {2008-07-28 22:12:20 -0400},
	Location = {London; Aylesbury},
	Note = {15 volumes},
	Publisher = {Printed for sale at the Oxford Science Laboratories},
	Title = {Early science in Oxford},
	Year = {1920--1967}}

@book{Tatham1773,
	Author = {Edward Tatham},
	Date-Added = {2008-07-28 22:08:17 -0400},
	Date-Modified = {2008-07-28 22:09:50 -0400},
	Location = {London},
	Publisher = {sold by J. Wilkie; and by the booksellers in Oxford},
	Shorttitle = {Oxonia explicata},
	Title = {Oxonia explicata \& ornata: proposals for disengaging and beautifying the university and city of Oxford},
	Year = {1773}}

@book{Yanni1999,
	Date-Added = {2008-06-13 09:40:24 -0400},
	Date-Modified = {2008-06-13 09:41:00 -0400},
	Location = {London},
	Publisher = {Athlone},
	Shorttitle = {Nature's museums},
	Title = {Nature's museums: Victorian science and the architecture of display},
	Year = {1999}}

@article{Tyack2000,
	Author = {Geoffrey Tyack},
	Date-Added = {2008-05-14 22:58:35 -0400},
	Date-Modified = {2010-02-19 11:39:11 -0500},
	Journal = GeorgianGroup,
	Pages = {122--140},
	Shorttitle = {Making of the Radcliffe Observatory},
	Title = {The making of the Radcliffe Observatory},
	Volume = {10},
	Year = {2000}}

@book{Bold2000,
	Author = {John Bold},
	Date-Added = {2008-05-08 14:51:49 -0400},
	Date-Modified = {2008-05-08 14:52:26 -0400},
	Location = {New Haven},
	Publisher = {Yale University Press},
	Shorttitle = {Greenwich},
	Title = {Greenwich: an architectural history of the Royal Hospital for Seamen and the Queen's House},
	Year = {2000}}

@book{Summerson1993,
	Author = {John Summerson},
	Date-Added = {2008-05-04 23:33:23 -0400},
	Date-Modified = {2008-05-14 15:47:10 -0400},
	Edition = {9},
	Location = {New Haven},
	Publisher = {Yale University Press},
	Shorttitle = {Architecture in Britain},
	Title = {Architecture in Britain 1530 to 1830},
	Year = {1993}}

@book{Wallis1699,
	Annotation = {[CtY-BR QA33 +W35]},
	Author = {John Wallis},
	Date-Added = {2008-04-28 01:04:42 -0400},
	Date-Modified = {2008-04-28 02:34:38 -0400},
	Location = {Oxoniae},
	Publisher = {e Theatro Sheldoniano},
	Shorttitle = {Opera mathematica},
	Title = {Opera mathematica},
	Year = {1695--99}}

@book{Gersonides1985,
	Author = {Levi ben Gerson},
	Date-Added = {2008-04-27 22:57:05 -0400},
	Date-Modified = {2009-06-25 11:57:05 -0400},
	Location = {New York},
	Note = {Translated and edited by Bernard R. Goldstein as \emph{The astronomy of Levi ben Gerson (1288--1344)}},
	Publisher = {Springer},
	Shortauthor = {{Gersonides tr.\ Goldstein}},
	Title = {Wars of the Lord},
	Year = {1985}}

@book{Evelyn1870,
	Author = {John Evelyn},
	Date-Added = {2008-04-25 12:05:34 -0400},
	Date-Modified = {2008-04-28 01:29:12 -0400},
	Location = {London},
	Note = {Edited from the original mss by William Bray},
	Publisher = {{Bell and Daldy}},
	Shortauthor = {{Evelyn ed.\ Bray}},
	Shorttitle = {Diary and correspondence},
	Title = {Diary and correspondence of John Evelyn, F.R.S.},
	Year = {1870--72}}

@incollection{Johannsen2007,
	Author = {Hugo Johannsen},
	Booktitle = {Grove Art Online},
	Date-Added = {2008-04-23 11:41:59 -0400},
	Date-Modified = {2010-01-15 13:58:51 -0500},
	Editor = {Carlo Bertelli and Whitney Chadwick and Jessica Rawson and Samuel Sachs II and Willibald Sauerl{\"a}nder},
	Publisher = {Oxford University Press},
	Title = {Denmark {\S}2, architecture},
	Url = {http://www.groveart.com/},
	Year = {2007},
	Bdsk-Url-1 = {http://www.groveart.com/}}

@book{Caramuel1984,
	Author = {Juan {Caramuel y Lobkowitz}},
	Date-Added = {2008-04-13 20:06:39 -0400},
	Date-Modified = {2008-04-27 00:50:18 -0400},
	Location = {Madrid},
	Note = {Facsimile of 1st edition (Vegeven: Camillo Corrado, 1678) with introductory essay by Bonet Correa},
	Publisher = {Ediciones Turner},
	Shortauthor = {Caramuel},
	Shorttitle = {Architectura civil},
	Title = {Architectvra civil recta, y obliqva},
	Year = {1984}}

@incollection{Hardy2006,
	Author = {Matthew Hardy},
	Booktitle = {Aeolian winds and the spirit in Renaissance architecture},
	Date-Added = {2008-04-11 11:56:22 -0400},
	Date-Modified = {2008-04-11 12:00:57 -0400},
	Editor = {Barbara Kenda},
	Location = {London},
	Pages = {48--69},
	Publisher = {Routledge},
	Shorttitle = {Study the warm winds},
	Title = {Study the warm winds and the cold: Hippocrates and the Renaissance villa},
	Year = {2006}}

@book{Wotton1624,
	Annotation = {[\textsc{estc} 26011]},
	Author = {Henry Wotton},
	Date-Added = {2008-04-10 23:55:15 -0400},
	Date-Modified = {2008-04-10 23:57:29 -0400},
	Location = {London},
	Publisher = {printed by Iohn Bill},
	Shorttitle = {Elements of architecture},
	Title = {The elements of architectvre},
	Year = {1624}}

@article{Connors1990,
	Author = {Joseph Connors},
	Date-Added = {2008-03-27 21:53:47 -0400},
	Date-Modified = {2009-03-12 13:31:43 -0400},
	Journal = {Journal of the Warburg and Courtauld Institutes},
	Pages = {217--236},
	Shorttitle = {Ars tornandi},
	Title = {Ars tornandi: baroque architecture and the lathe},
	Volume = {53},
	Year = {1990}}

@book{Zupko1978,
	Author = {Ronald Edward Zupko},
	Date-Added = {2008-02-13 20:47:22 -0500},
	Date-Modified = {2008-02-13 20:48:53 -0500},
	Location = {Bloomington; London},
	Publisher = {Indiana University Press},
	Shorttitle = {French weights \& measures},
	Title = {French weights and measures before the revolution: a dictionary of provincial and local units},
	Year = {1978}}

@book{KeplerWerke,
	Author = {Johannes Kepler},
	Date-Added = {2008-02-13 19:40:31 -0500},
	Date-Modified = {2008-03-10 23:50:35 -0400},
	Location = {M{\"u}nchen},
	Note = {Edd.\ Walther von Dyck and Max Caspar},
	Publisher = {C.H.\ Beck},
	Shortauthor = {{Kepler edd.\ von Dyck \& Caspar}},
	Shorttitle = {Werke},
	Title = {Johannes Keplers gesammelte Werke},
	Year = {1937--}}

@book{Barbaro1568,
	Author = {Daniel Barbaro},
	Date-Added = {2008-02-13 19:33:05 -0500},
	Date-Modified = {2008-02-13 19:42:03 -0500},
	Location = {Venetia},
	Publisher = {Camillo \& Rutilio Borgominieri fratelli},
	Shorttitle = {Pratica della perspettiva},
	Title = {La pratica della perspettiva\dots\ opera molto profittevole a pittori, scvltori, et architetti},
	Year = {1568}}

@book{Wotton1907,
	Author = {Henry Wotton},
	Date-Added = {2008-02-13 19:23:23 -0500},
	Date-Modified = {2008-02-13 21:05:53 -0500},
	Location = {Oxford},
	Note = {Edited and with introduction by Logan Persall Smith},
	Publisher = {Clarendon Press},
	Shortauthor = {{Wotton ed.\ Smith}},
	Title = {Life and letters of Sir Henry Wotton},
	Year = {1907}}

@book{Ward1703,
	Annotation = {[\textsc{estc t119938}]},
	Author = {Edward Ward},
	Date-Added = {2008-02-13 19:07:50 -0500},
	Date-Modified = {2008-02-13 20:50:46 -0500},
	Location = {London},
	Publisher = {printed and sold by J.\ How},
	Shorttitle = {London spy},
	Title = {The London-spy compleat, in eighteen parts},
	Year = {1703}}

@book{Blondel1752,
	Author = {Jacques-Fran{\c c}ois Blondel},
	Date-Added = {2008-02-12 12:43:27 -0500},
	Date-Modified = {2008-08-07 13:06:55 +0100},
	Location = {Paris},
	Publisher = {Charles-Antoine Joubert},
	Shorttitle = {Architecture fran{\c c}oise},
	Title = {Architecture fran{\c c}oise, ou receuil des plans, elevations, coupes et profils \dots\ edifices les plus consid{\'e}rables\dots},
	Year = {1752}}

@book{Porta1658,
	Annotation = {[Wing P2982]},
	Author = {Giambattista della Porta},
	Date-Added = {2008-02-10 20:41:45 -0500},
	Date-Modified = {2008-02-10 21:10:49 -0500},
	Location = {London},
	Publisher = {Printed for Thomas Young {and} Samuel Speed},
	Title = {Natural magick},
	Year = {1658}}

@book{Espinasse1956,
	Author = {Margaret 'Espinasse},
	Date-Added = {2008-02-10 18:40:54 -0500},
	Date-Modified = {2008-02-10 18:41:37 -0500},
	Location = {Berkeley},
	Publisher = {University of California Press},
	Title = {Robert Hooke},
	Year = {1956}}

@book{Belidor1784,
	Author = {Bernard Forest de Belidor},
	Date-Added = {2008-01-29 17:58:35 -0500},
	Date-Modified = {2008-08-07 13:06:10 +0100},
	Location = {Paris},
	Note = {4 vols},
	Publisher = {L.\ Cellot, {Barrois l'a{\^\i}n{\'e}}, F.\ Didot},
	Shorttitle = {Architecture hydraulique},
	Title = {Architecture hydraulique, ou l'art de conduire, d'{\'e}lever et de m{\'e}nager les eaux pour les diff{\'e}rens besoins de la vie},
	Year = {1782--1790}}

@book{Encyclopedie,
	Date-Added = {2008-01-29 17:40:41 -0500},
	Date-Modified = {2008-08-07 13:08:55 +0100},
	Editor = {Denis Diderot and Jean {le Rond} d'Alembert},
	Location = {Geneve; Paris; Neufchastel},
	Publisher = {Cramer l'Ain{\'e}; Briasson[; \& al.]},
	Shortauthor = {{Diderot \& d'Alembert (edd.)}},
	Shorttitle = {Encyclop{\'e}die},
	Title = {Encyclop{\'e}die, ou, dictionnaire raisonn{\'e} des sciences, des arts et des m{\'e}tiers},
	Year = {1751--1765}}

@article{Reynolds1979,
	Author = {Terry Reynolds},
	Date-Added = {2008-01-29 17:24:37 -0500},
	Date-Modified = {2009-03-12 13:35:18 -0400},
	Journal = {Technology and Culture},
	Number = {2},
	Pages = {270--295},
	Shorttitle = {Scientific influences on technology},
	Title = {Scientific influences on technology: the case of the overshot waterwheel, 1752--1754},
	Volume = {20},
	Year = {1979}}

@article{OrumLarsen2003,
	Annote = {With English summary.},
	Author = {Asger {\O}rum-Larsen},
	Date-Added = {2008-01-29 17:20:59 -0500},
	Date-Modified = {2008-08-07 13:12:28 +0100},
	Journal = {Landskab},
	Pages = {182--185},
	Shorttitle = {Ole R{\o}mer og Versailles},
	Title = {Ole R{\o}mer og Versailles = Ole R{\o}mer and Versailles},
	Volume = {83},
	Year = {2003}}

@article{Brandstetter2005,
	Author = {Thomas Brandstetter},
	Date-Added = {2008-01-29 16:34:33 -0500},
	Date-Modified = {2009-03-12 19:46:31 -0400},
	Journal = {History of Technology},
	Number = {2},
	Pages = {205--220},
	Shorttitle = {Most wonderful piece of machinery},
	Title = {`The most wonderful piece of machinery the world can boast of:' The water-works at Marly, 1680--1830},
	Volume = {21},
	Year = {2005}}

@article{Ermenc1956,
	Author = {J.J. Ermenc},
	Date-Added = {2008-01-29 16:23:16 -0500},
	Date-Modified = {2009-03-12 19:48:27 -0400},
	Journal = {The French Review},
	Number = {3},
	Pages = {242--244},
	Shorttitle = {Machine of Marly},
	Title = {The machine of Marly},
	Volume = {29},
	Year = {1956}}

@book{Sturdy1995,
	Author = {David J. Sturdy},
	Date-Added = {2008-01-25 15:32:45 -0500},
	Date-Modified = {2008-05-08 15:04:30 -0400},
	Location = {Woodbridge, Suffolk},
	Publisher = {Boydell Press},
	Shorttitle = {Science and social status},
	Title = {Science and social status: the members of the Acad{\'e}mie des Sciences 1666--1750},
	Year = {1995}}

@book{Hooke1935,
	Author = {Robert Hooke},
	Date-Added = {2008-01-02 15:44:40 -0500},
	Date-Modified = {2008-06-13 08:02:26 -0400},
	Location = {London},
	Note = {Transcribed from the original in the possession of the Corporation of the city of London (Guildhall library). Edited by H.W.\ Robinson\dots\ and W.\ Adams},
	Publisher = {Taylor \& Francis},
	Shortauthor = {{Hooke {ed.\ } Robinson \& Adams}},
	Shorttitle = {Diary},
	Title = {The diary of Robert Hooke, M.A., M.D., F.R.S., 1672--1680},
	Year = {1935}}

@incollection{Barker1991,
	Author = {Peter Barker},
	Booktitle = {Atoms, pneuma and tranquillity: Epicurean and Stoic themes in European thought},
	Crossref = {edOsler1991},
	Date-Modified = {2008-03-28 15:53:21 -0400},
	Owner = {Owner},
	Pages = {135--154},
	Timestamp = {2007.06.08},
	Title = {Stoic contributions to early modern science},
	Year = {1991}}

@incollection{Higgott2004,
	Author = {Gordon Higgott},
	Booktitle = {St Paul's},
	Crossref = {edKeene2004},
	Owner = {Owner},
	Pages = {171--189},
	Publisher = {Yale University Press},
	Timestamp = {2007.09.04},
	Title = {The fabric to 1670},
	Year = {2004}}

@article{Ackermann1949,
	Author = {James S. Ackermann},
	Date-Modified = {2009-03-10 10:43:12 -0400},
	Journal = {Art Bulletin},
	Owner = {Owner},
	Pages = {89--111},
	Shorttitle = {Ars sine scientia nihil est},
	Timestamp = {2007.06.01},
	Title = {Ars sine scientia nihil est: Gothic theory of architecture at the cathedral of Milan},
	Volume = {31},
	Year = {1949}}

@book{Alberti1726,
	Author = {Alberti, Leon Battista},
	Location = {London},
	Owner = {Owner},
	Publisher = {printed by Thomas Edlin},
	Shortauthor = {Alberti tr. Leoni},
	Shorttitle = {De re aed.},
	Timestamp = {2006.08.10},
	Title = {The architecture of Leon Battista Alberti in ten books. Of painting in three books and of statuary in one book.},
	Year = {1726}}

@article{Anstey1999,
	Author = {Anstey, T A},
	Journal = {Res},
	Owner = {Owner},
	Pages = {186--204},
	Shorttitle = {Fictive harmonies},
	Timestamp = {2006.08.22},
	Title = {Fictive harmonies: music and the Tempio Malestina},
	Volume = {36},
	Year = {1999}}

@book{Bacon1857,
	Author = {Francis Bacon},
	Location = {London},
	Note = {5 vols. Edited by J.\ Spedding, R.L.\ Ellis \& D.D.\ Heath; translated by J.\ Spedding \& F.\ Headlam.},
	Owner = {Owner},
	Publisher = {Longmans},
	Shortauthor = {{Bacon edd.\ Spedding \& al.}},
	Shorttitle = {Works},
	Timestamp = {2007.08.15},
	Title = {Works of Francis Bacon, Baron of Verulam, Viscount of St.\ Alban, and Lord High Chancellor of England},
	Year = {1857--59}}

@book{Baird2004,
	Author = {David Baird},
	Location = {Berkeley},
	Owner = {Owner},
	Publisher = {University of California Press},
	Shorttitle = {Thing knowledge},
	Timestamp = {2007.10.10},
	Title = {Thing knowledge: a philosophy of scientific instruments},
	Year = {2004}}

@incollection{Bennett1989,
	Author = {James A Bennett},
	Booktitle = {The uses of experiment},
	Editor = {David Gooding and Trevor Pinch and Simon Schaffer},
	Location = {Cambridge},
	Owner = {Owner},
	Pages = {105--114},
	Publisher = {Cambridge University Press},
	Timestamp = {2007.10.10},
	Title = {A viol of water or a wedge of glass},
	Year = {1989}}

@book{Biagioli1993,
	Author = {Mario Biagioli},
	Location = {Chicago},
	Owner = {Owner},
	Publisher = {University of Chicago Press},
	Shorttitle = {Galileo, courtier},
	Timestamp = {2007.10.12},
	Title = {Galileo, courtier: the practice of science in the culture of absolutism},
	Year = {1993}}

@book{Birch1756,
	Author = {Thomas Birch},
	Location = {London},
	Note = {4 vols. Facsimile reprint New York: Johnson Reprint Corp., 1968. With introduction by A.R.\ Hall and bibliographical note by M.\ Boas Hall.},
	Owner = {Kline Q41 R67 B57 1756A},
	Publisher = {printed for A. Millar},
	Shorttitle = {History of the {R}oyal {S}ociety},
	Timestamp = {2007.08.14},
	Title = {History of the {R}oyal {S}ociety of {L}ondon for improving of natural knowledge from its first rise},
	Year = {1756--57}}

@article{Blair1992,
	Author = {Ann Blair and Anthony Grafton},
	Date-Modified = {2009-03-10 10:44:00 -0400},
	Journal = {Journal of the History of Ideas},
	Owner = {Owner},
	Pages = {535--540},
	Shortauthor = {{Blair \& Grafton}},
	Timestamp = {2007.06.01},
	Title = {Reassessing humanism and science},
	Volume = {53},
	Year = {1992}}

@book{BradleyPevsner1998,
	Author = {Simon Bradley and Nikolaus Pevsner},
	Location = {London},
	Owner = {Owner},
	Publisher = {Penguin},
	Shortauthor = {Bradley \& Pevsner},
	Timestamp = {2007.08.09},
	Title = {London: the city churches},
	Year = {1998}}

@book{Cohen1984,
	Author = {Cohen, H F},
	Location = {Dordrecht; Boston; Lancaster},
	Owner = {Owner},
	Publisher = {D. Reidel Publishing Company},
	Shorttitle = {Quantifying music},
	Timestamp = {2006.09.04},
	Title = {Quantifying music: the science of music and the first stage of the {S}cientific {R}evolution, 1580--1650},
	Year = {1984}}

@book{Cook1955,
	Author = {G. H. Cook},
	Location = {London},
	Owner = {Owner},
	Publisher = {Phoenix House},
	Shorttitle = {Old S.\ Paul's cathedral},
	Timestamp = {2007.08.20},
	Title = {Old S.\ Paul's cathedral: a lost glory of mediaeval London},
	Year = {1955}}

@book{Cooper2005,
	Author = {Michael Cooper},
	Location = {Thrupp, Stroud},
	Owner = {Owner},
	Publisher = {Sutton},
	Timestamp = {2007.08.09},
	Title = {Robert {H}ooke and the rebuilding of London},
	Year = {2005}}

@book{Debus1978,
	Author = {Debus, Allen G},
	Location = {Cambridge; London; New York; Melbourne},
	Owner = {Owner},
	Publisher = {Cambridge University Press},
	Shorttitle = {Man and nature},
	Timestamp = {2006.09.28},
	Title = {Man and nature in the renaissance},
	Year = {1978}}

@book{Dee1568,
	Annotation = {[CtY-BR QC353 B32]},
	Author = {John Dee},
	Location = {Londini},
	Owner = {Owner},
	Publisher = {apud Reginaldum Vuolsium},
	Shorttitle = {Prop{\ae}deumata aphoristica},
	Timestamp = {2007.10.02},
	Title = {Prop{\ae}deumata aphoristica \dots\ de pr{\ae}stantioribus quibusdam natur{\ae} virtutibus},
	Year = {1568}}

@book{Dee1564,
	Author = {John Dee},
	Location = {Antuerpiae},
	Publisher = {G. Silvius typog. regius, excud.},
	Title = {Monas hieroglyphica},
	Year = {1564}}

@incollection{Downes2004,
	Author = {Kerry Downes},
	Booktitle = {St Paul's},
	Editor = {Derek Keene and Arthur Burns and Andrew Saint},
	Location = {New Haven},
	Owner = {Owner},
	Pages = {191--219},
	Publisher = {Yale University Press},
	Timestamp = {2007.09.04},
	Title = {Wren and the new cathedral},
	Year = {2004}}

@book{Downes1982,
	Author = {Kerry Downes},
	Location = {London},
	Owner = {Owner},
	Publisher = {Granada},
	Shorttitle = {Architecture of {W}ren},
	Timestamp = {2007.08.09},
	Title = {The architecture of {W}ren},
	Year = {1982}}

@book{Downes1982a,
	Author = {Kerry Downes},
	Location = {London},
	Owner = {Owner},
	Publisher = {Published for Whitechapel Art Gallery by Trefoil},
	Shorttitle = {Sir Christopher Wren: catalogue of an exhibition},
	Timestamp = {2007.08.15},
	Title = {Sir Christopher Wren: catalogue of an exhibition at {W}hitechapel {A}rt {G}allery},
	Year = {1982}}

@book{Einhard1998,
	Author = {Einhard},
	Location = {Peterborough, Ont.},
	Note = {Edited and translated by Paul Edward Dutton},
	Owner = {CCL DC73.2 E45 1998},
	Publisher = {Broadview Press},
	Shortauthor = {{Einhard ed.\ \& trans.\ Dutton}},
	Shorttitle = {Charlemagne's courtier},
	Timestamp = {2007.08.27},
	Title = {Charlemagne's courtier: the complete {E}inhard},
	Year = {1998}}

@book{Fanti1980,
	Author = {Mario Fanti},
	Location = {Roma},
	Owner = {Owner},
	Publisher = {Herder Editrice e Libreria},
	Shorttitle = {Fabbrica di S.\ Petronio},
	Timestamp = {2007.12.05},
	Title = {La fabbrica di S.\ Petronio in Bologna dal \textsc{xiv} al \textsc{xx} secolo: storia di una istituzione},
	Year = {1980}}

@book{Ficino1989,
	Author = {Ficino, Marsilio},
	Location = {Binghamton, NY},
	Note = {Critical edition and translation of \emph{De vita triplicis} with introduction and notes by C.V. Kaske \& J.R. Clark},
	Owner = {Owner},
	Publisher = {Medieval \& Renaissance Texts \& Studies},
	Shortauthor = {{Ficino ed. Kaska \& Clark}},
	Shorttitle = {De v. tr.},
	Timestamp = {2006.07.30},
	Title = {Three books on life},
	Year = {1989}}

@incollection{Findlen2001,
	Author = {Paula Findlen},
	Booktitle = {The structures of knowledge},
	Editor = {Tore Fr{\"a}ngsmyr},
	Location = {Berkeley},
	Owner = {Owner},
	Pages = {5--51},
	Publisher = {Office for History of Science and Technology},
	Timestamp = {2007.10.07},
	Title = {Building the house of knowledge: the structures of thought in Renaissance Europe},
	Year = {2001}}

@article{Gieryn2002,
	Author = {Thomas F Gieryn},
	Journal = {Theory and Society},
	Owner = {jstor},
	Pages = {35--74},
	Timestamp = {2006.12.09},
	Title = {What buildings do},
	Volume = {31},
	Year = {2002}}

@book{Girouard1978,
	Author = {Mark Girouard},
	Location = {New Haven},
	Owner = {Owner},
	Publisher = {Yale University Press},
	Shorttitle = {Life in the {E}nglish country house},
	Timestamp = {2006.11.06},
	Title = {Life in the {E}nglish country house: a social and architectural history},
	Year = {1978}}

@book{Gooding1990,
	Author = {David Gooding},
	Location = {Dordrecht},
	Owner = {Owner},
	Publisher = {Kluwer Academic},
	Shorttitle = {Experiment and the making of meaning},
	Timestamp = {2007.10.10},
	Title = {Experiment and the making of meaning: human agency in scientific observation and experiment},
	Year = {1990}}

@book{Gould2003,
	Author = {Gould, Stephen Jay},
	Location = {New York},
	Owner = {Owner},
	Publisher = {Harmony Books},
	Shorttitle = {The hedgehog, the fox, and the magister's pox},
	Timestamp = {2007.07.02},
	Title = {The hedgehog, the fox, and the magister's pox: mending the gap between science and the humanities},
	Year = {2003}}

@article{Guerlac1953,
	Author = {Henry Guerlac},
	Journal = {Isis},
	Owner = {Owner},
	Pages = {226--231},
	Timestamp = {2007.06.01},
	Title = {A proposed revision of the \emph{Isis} Critical Bibliography},
	Volume = {44},
	Year = {1953}}

@book{Hacking1983,
	Author = {Ian Hacking},
	Location = {Cambridge},
	Owner = {Owner},
	Publisher = {Cambridge University Press},
	Shorttitle = {Representing and intervening},
	Timestamp = {2007.10.10},
	Title = {Representing and intervening: introductory topics in the philosophy of natural science},
	Year = {1983}}

@incollection{Hackmann1989,
	Author = {W.D. Hackmann},
	Booktitle = {The uses of experiment},
	Editor = {David Gooding and Trevor Pinch and Simon Schaffer},
	Location = {Cambridge},
	Pages = {31--65},
	Publisher = {Cambridge University Press},
	Shorttitle = {Scientific instruments},
	Title = {Scientific instruments: models of brass and aids to discovery},
	Year = {1989}}

@book{Hammond1981,
	Author = {John H. Hammond},
	Location = {Bristol},
	Owner = {Owner},
	Publisher = {Adam Hilger},
	Shorttitle = {Camera obscura},
	Timestamp = {2007.10.02},
	Title = {The camera obscura: a chronicle},
	Year = {1981}}

@book{Hart1994,
	Author = {Vaughan Hart},
	Location = {London},
	Owner = {Owner},
	Publisher = {Routledge},
	Shorttitle = {Art and magic},
	Timestamp = {2006.10.13},
	Title = {Art and magic in the court of the Stuarts},
	Year = {1994}}

@incollection{vanHelden1983,
	Author = {Albert van Helden},
	Booktitle = {The uses of science in the age of Newton},
	Editor = {John G. Burke},
	Location = {Berkeley},
	Owner = {Owner},
	Pages = {49--84},
	Publisher = {University of California Press},
	Shorttitle = {Birth of the modern scientific instrument},
	Timestamp = {2007.10.07},
	Title = {The birth of the modern scientific instrument, 1550--1700},
	Year = {1983}}

@book{Hersey1976,
	Author = {Hersey, George L},
	Location = {Ithaca, NY; London},
	Owner = {Owner},
	Publisher = {Cornell University Press},
	Shorttitle = {Pythagorean palaces},
	Timestamp = {2006.09.28},
	Title = {Pythagorean palaces: magic and architecture in the Italian renaissance},
	Year = {1976}}

@article{Houhou2000,
	Author = {Assia Houhou},
	Date-Modified = {2008-08-07 13:09:47 +0100},
	Journal = {Les carnets du paysage},
	Owner = {Owner},
	Pages = {62--79},
	Shorttitle = {De talismans de pierre},
	Timestamp = {2006.11.09},
	Title = {De talismans de pierre: les sources {\'e}sot{\'e}riques de l'architecture militaire},
	Volume = {5},
	Year = {2000}}

@article{Howard1982,
	Author = {Deborah Howard and Malcolm Longair},
	Date-Modified = {2009-03-12 13:28:59 -0400},
	Journal = {Journal of the Society of Architectural Historians},
	Number = {2},
	Pages = {116--143},
	Shortauthor = {Howard \& Longair},
	Title = {Harmonic proportion and {P}alladio's \emph{{Q}uattro libri}},
	Volume = {41},
	Year = {1982}}

@book{Jardine2000,
	Author = {Nicholas Jardine},
	Location = {Oxford},
	Owner = {Owner},
	Publisher = {Clarendon Press},
	Shorttitle = {Scenes of inquiry},
	Timestamp = {2007.10.08},
	Title = {The scenes of inquiry},
	Year = {2000}}

@book{JohnofWorcester1998,
	Author = {{John of Worcester (Johannes Wignornensis)}},
	Date-Modified = {2008-02-13 20:29:07 -0500},
	Location = {Oxford},
	Note = {Volume \textsc{iii}, Annals 1067--1140 with the Gloucester interpolations and continuation to 1141. Edited and translated by P.\ McGurk},
	Owner = {Owner},
	Publisher = {Clarendon Press},
	Shortauthor = {{John of Worcester ed.\ \& tr.\ McGurk}},
	Shorttitle = {Chron.},
	Timestamp = {2007.09.15},
	Title = {The Chronicle of John of Worcester},
	Year = {1998}}

@book{Johnston2002,
	Author = {Johnston, Ian},
	Location = {Bristol; Philadelphia},
	Note = {2nd edition},
	Owner = {CCL ML3805 J72 M4 2002},
	Publisher = {Institute of Physics Publishing},
	Shorttitle = {Measured tones},
	Timestamp = {2006.09.04},
	Title = {Measured tones: the interplay of physics and music},
	Year = {2002}}

@book{Kemp1990,
	Author = {Martin Kemp},
	Location = {New Haven},
	Owner = {Owner},
	Publisher = {Yale University Press},
	Shorttitle = {The science of art},
	Timestamp = {2007.06.01},
	Title = {The science of art: optical themes in western art from Brunelleschi to Seurat},
	Year = {1990}}

@book{Lakatos1976,
	Author = {Lakatos, Imre},
	Location = {Cambridge},
	Note = {Edited by John Worrall and Elie Zahar},
	Owner = {Owner},
	Publisher = {Cambridge University Press},
	Shorttitle = {Proofs and refutations},
	Timestamp = {2007.07.08},
	Title = {Proofs and refutations: the logic of mathematical discovery},
	Year = {1976}}

@book{Lazzaro1990,
	Author = {Claudia Lazzaro},
	Location = {New Haven},
	Owner = {A&A SB457.85 L39 1990 (LC)+ Oversize; CCL SB457.85 L39 1990 (LC)+ Oversize},
	Publisher = {Yale University Press},
	Shorttitle = {The Italian Renaissance garden},
	Timestamp = {2007.06.05},
	Title = {The Italian Renaissance garden: from the conventions of planting, design, and ornament to the grand gardens of sixteenth-century Central Italy},
	Year = {1990}}

@book{LeClerc1724,
	Author = {Le Clerc, Sebastien},
	Date-Modified = {2008-08-07 13:11:47 +0100},
	Location = {London},
	Owner = {Owner},
	Publisher = {sold by Mr. Dateman and Mr. Taylor,\dots\ [\&] Will. and John Innys\dots\ and John Sturt engraver},
	Shortauthor = {Le Clerc tr.\ Chambers},
	Shorttitle = {Treatise of architecture},
	Timestamp = {2006.07.06},
	Title = {Treatise of architecture, with remarks and observations\dots\ translated by Mr. Chambers},
	Year = {1724}}

@book{Lewis2001,
	Author = {Michael J. T. Lewis},
	Location = {Cambridge},
	Owner = {Owner},
	Publisher = {Cambridge University Press},
	Timestamp = {2007.12.06},
	Title = {Surveying instruments of Greece and Rome},
	Year = {2001}}

@article{Lindberg1968,
	Author = {David Lindberg},
	Date-Modified = {2009-03-10 10:43:08 -0400},
	Journal = {Archive for the History of Exact Sciences},
	Owner = {Owner},
	Pages = {154--176},
	Shorttitle = {Theory of pinhole images},
	Timestamp = {2007.08.27},
	Title = {The theory of pinhole images from antiquity to the thirteenth century},
	Volume = {5},
	Year = {1968}}

@book{Longman1873,
	Author = {William Longman},
	Date-Modified = {2008-03-15 14:13:21 -0400},
	Location = {London},
	Owner = {Owner},
	Publisher = {{{Longmans, Green, {and} Co.}}},
	Shorttitle = {History of the three cathedrals},
	Timestamp = {2007.08.19},
	Title = {A history of the three cathedrals dedicated to {S}t {P}aul in {L}ondon: with reference chiefly to their structure and architecture, and the sources whence the necessary funds were derived},
	Year = {1873}}

@book{Picatrix1986,
	Author = {Majr\={\i}t\={\i}, {Maslamah ibn Ahmad al-,{ [}Ps.{]}}},
	Editor = {Pingree, David},
	Location = {London},
	Note = {critical edition},
	Owner = {Owner},
	Publisher = {Warburg Institute},
	Shortauthor = {{[}Ps.-{]}Majr\={\i}t\={\i} ed. Pingree},
	Shorttitle = {Picatrix},
	Timestamp = {2006.08.04},
	Title = {Picatrix, the Latin edition of the Gh{\=a}yat al-{\d{H}}ak{\={\i}}m},
	Year = {1986}}

@book{Martens2000,
	Author = {Martens, Rhonda},
	Date-Modified = {2008-02-13 19:43:28 -0500},
	Location = {Princeton, NJ; Oxford},
	Owner = {Owner},
	Publisher = {Princeton University Press},
	Shorttitle = {Kepler's philosophy},
	Timestamp = {2006.09.28},
	Title = {Kepler's philosophy and the new astronomy},
	Year = {2000}}

@book{Metcalf1986,
	Author = {Keyes D. Metcalf and Philip D. Leighton and David C. Weber},
	Location = {Chicago},
	Owner = {Owner},
	Publisher = {American Library Association},
	Timestamp = {2007.10.07},
	Title = {Planning academic and research library buildings},
	Year = {1986}}

@article{Mitrovic1990,
	Author = {Branko Mitrovi{\'c}},
	Date-Modified = {2009-03-12 13:26:03 -0400},
	Journal = {Journal of the Society of Architectural Historians},
	Note = {Translated by Ivana Djordjevi{\'c}},
	Number = {3},
	Pages = {279--292},
	Shorttitle = {Palladio's theory of proportions},
	Title = {Palladio's theory of proportions and the second book of the \emph{Quattro libri dell'architettura}},
	Volume = {49},
	Year = {1990}}

@article{Moran1977,
	Author = {Bruce T. Moran},
	Date-Modified = {2009-03-10 10:45:28 -0400},
	Journal = {Sudhoffs Archiv f{\"u}r Geschichte der Medezin und der Naturwissenschaften},
	Owner = {Owner},
	Pages = {209--228},
	Shortauthor = {Moran},
	Shorttitle = {Princes, machines, precision},
	Timestamp = {2006.07.06},
	Title = {Princes, machines and the valuation of precision in the sixteenth century},
	Volume = {61},
	Year = {1977}}

@book{Moyer1991,
	Author = {Moyer, Ann E.},
	Location = {Ithaca, NY; London},
	Owner = {Mus ML290.2 M938 M9},
	Publisher = {Cornell University Press},
	Shorttitle = {Musica scientia},
	Timestamp = {2006.09.03},
	Title = {Musica scientia: musical scholarship in the Italian Renaissance},
	Year = {1991}}

@book{Nauert1965,
	Author = {Nauert, Jr, Charles G},
	Location = {Urbana, IL},
	Owner = {Owner},
	Publisher = {University of Illinois Press},
	Shortauthor = {Nauert},
	Shorttitle = {Agrippa},
	Timestamp = {2006.09.25},
	Title = {Agrippa and the crisis of Renaissance thought},
	Year = {1965}}

@book{Agrippa1651,
	Author = {Heinrich Cornelius {Agrippa von Nettesheim}},
	Date-Modified = {2008-03-10 14:16:22 -0400},
	Location = {London},
	Owner = {Owner},
	Publisher = {Printed by R.W. for Gregory Moule},
	Shortauthor = {Agrippa tr. R.M.},
	Shorttitle = {De occ. phil.},
	Timestamp = {2006.09.25},
	Title = {Three books of occult philosophy written by Henry Cornelius Agrippa of Nettesheim\dots},
	Year = {1651}}

@incollection{Olley1997,
	Author = {John Olley},
	Booktitle = {Library builders},
	Editor = {J. Krol},
	Location = {London},
	Owner = {Owner},
	Pages = {10--12},
	Publisher = {Academy Editions},
	Timestamp = {2007.10.07},
	Title = {The art of reading},
	Year = {1997}}

@book{Palisca2006,
	Author = {Palisca, Claude V.},
	Location = {Chicago},
	Owner = {Mus ML174 P163 M9},
	Publisher = {University of Chicago Press},
	Shorttitle = {Music and ideas},
	Timestamp = {2006.09.03},
	Title = {Music and ideas in the sixteenth and seventeenth centuries},
	Year = {2006}}

@book{Palisca1985,
	Author = {Palisca, Claude V.},
	Location = {New Haven},
	Owner = {Mus ML290.2 P163 H9; SML ML290.2 P34 1985},
	Publisher = {Yale University Press},
	Shorttitle = {Humanism},
	Timestamp = {2006.09.03},
	Title = {Humanism in Italian Renaissance musical thought},
	Year = {1985}}

@incollection{Raven2004,
	Author = {James Raven},
	Booktitle = {St Paul's},
	Editor = {Derek Keene and Arthur Burns and Andrew Saint},
	Location = {New Haven},
	Owner = {Owner},
	Publisher = {Yale University Press},
	Timestamp = {2007.09.04},
	Title = {St Paul's precinct and the book trade to c.\ 1800},
	Year = {2004}}

@article{Reynard1999,
	Author = {Pierre Claude Reynard},
	Date-Modified = {2009-03-10 10:43:38 -0400},
	Journal = {History of Technology},
	Owner = {Owner},
	Pages = {237--262},
	Shorttitle = {Unreliable mills},
	Timestamp = {2007.06.13},
	Title = {Unreliable mills: maintenance practices in early modern papermaking},
	Volume = {40},
	Year = {1999}}

@incollection{Schaffer1989,
	Author = {Schaffer, Simon},
	Booktitle = {The uses of experiment},
	Editor = {David Gooding and Trevor Pinch and Simon Schaffer},
	Location = {Cambridge},
	Owner = {Owner},
	Pages = {67--104},
	Publisher = {Cambridge University Press},
	Shorttitle = {Glass works},
	Timestamp = {2007.10.10},
	Title = {Glass works: Newton's prisms and the uses of experiment},
	Year = {1989}}

@book{Serlio1996,
	Author = {Sebastiano Serlio},
	Editor = {Vaughan Hart and Peter Hicks},
	Location = {New Haven},
	Owner = {Owner},
	Publisher = {Yale University Press},
	Shortauthor = {Serlio tr. Hart \& Hicks},
	Shorttitle = {De arch.},
	Timestamp = {2006.09.24},
	Title = {Sebastiano Serlio on Architecture},
	Year = {1996}}

@incollection{Settle2003,
	Author = {Thomas B Settle},
	Booktitle = {Musa musaei: studies on scientific instruments and collections in honour of Mara Miniati},
	Editor = {Beretta and Galluzzi and Triarico},
	Location = {Firenze},
	Owner = {Owner},
	Pages = {93--115},
	Publisher = {Leo S. Olschki},
	Shorttitle = {Egnazio Danti},
	Timestamp = {2007.10.07},
	Title = {Egnazio Danti as a builder of gnomons: an introduction},
	Year = {2003}}

@incollection{Shackleford1991,
	Author = {Jole Shackleford},
	Booktitle = {Patronage and institutions},
	Editor = {Bruce T. Moran},
	Location = {Rochester, NY},
	Owner = {Owner},
	Pages = {85--109},
	Publisher = {Boydell Press},
	Shorttitle = {Paracelsianism and patronage},
	Timestamp = {2007.10.08},
	Title = {Paracelsianism and patronage in early modern Denmark},
	Year = {1991}}

@book{Simmons1977,
	Author = {J.S.G. Simmons},
	Location = {Oxford},
	Owner = {Owner},
	Publisher = {All Souls College},
	Shorttitle = {Wren drawings},
	Timestamp = {2007.10.06},
	Title = {The Wren drawings at All Souls: notes for members of The National Art Collections Fund},
	Year = {1977}}

@article{Skretkowicz1982,
	Author = {Victor Skretkowicz},
	Journal = {The Review of English Studies},
	Owner = {jstor},
	Pages = {175--180},
	Shorttitle = {Symbolic architecture},
	Timestamp = {2006.12.08},
	Title = {Symbolic architecture in Sidney's \emph{New Arcadia}},
	Volume = {New Series 33},
	Year = {1982}}

@incollection{ThomasGroveDictArt,
	Author = {Anabel Thomas},
	Booktitle = {Grove Art Online},
	Owner = {Owner},
	Publisher = {Oxford University Press},
	Timestamp = {2007.12.10},
	Title = {Florence \textsc{iv}.1(i): cathedral},
	Url = {http://www.groveart.com/},
	Bdsk-Url-1 = {http://www.groveart.com/}}

@book{Thompson1975,
	Author = {John D. Thompson and Grace Goldin},
	Location = {New Haven},
	Owner = {Owner},
	Publisher = {Yale University Press},
	Shorttitle = {The hospital},
	Timestamp = {2007.10.07},
	Title = {The hospital: a social and architectural history},
	Year = {1975}}

@article{Thorpe1966,
	Author = {John Thorpe},
	Journal = {Walpole Society},
	Owner = {Owner},
	Pages = {87--88},
	Shortauthor = {{Thorpe ed.\ Summerson}},
	Shorttitle = {Book of architecture},
	Timestamp = {2007.10.08},
	Title = {The Book of architecture of John Thorpe in Sir John Soane's Museum},
	Volume = {40},
	Year = {1966}}

@book{Tomlinson1993,
	Author = {Gary Tomlinson},
	Location = {Chicago},
	Owner = {Owner},
	Publisher = {Chicago University Press},
	Shorttitle = {Music in Renaissance magic},
	Timestamp = {2007.10.07},
	Title = {Music in Renaissance magic: toward a historiography of others},
	Year = {1993}}

@incollection{TuttleGroveDictArt,
	Author = {Richard J. Tuttle},
	Booktitle = {Grove Art Online},
	Owner = {Owner},
	Publisher = {Oxford University Press},
	Timestamp = {2007.12.05},
	Title = {S.\ Petronio},
	Url = {http://www.groveart.com/},
	Bdsk-Url-1 = {http://www.groveart.com/}}

@book{Vitruvius1548,
	Author = {Vitruvius Pollo, Marcus},
	Date-Modified = {2010-02-19 16:56:42 -0500},
	Location = {N{\"u}rnberg},
	Owner = {[Bein Gnv90 +bn548]},
	Publisher = {Truckts Johan Petreius},
	Shortauthor = {{Vitruvius tr.\ Ryff}},
	Shorttitle = {De arch.},
	Timestamp = {2006.08.10},
	Title = {Vitruuius {T}eutsch\ldots\ {M}arci {V}itruuij {P}ollionis, {Z}ehen {B}{\"u}cher von der {A}rchitectur vnd k{\"u}nstlichem {B}awen\dots\ {E}rstmals verteutscht},
	Year = {1548}}

@book{Walker1958,
	Author = {Walker, D.P.},
	Location = {London},
	Owner = {Owner},
	Publisher = {Warburg Institute},
	Shortauthor = {Walker},
	Shorttitle = {Spiritual and demonic magic},
	Timestamp = {2006.07.30},
	Title = {Spiritual and demonic magic: from Ficino to Campanella},
	Year = {1958}}

@book{Ward1740,
	Author = {Ward, John},
	Location = {London},
	Owner = {Mudd Lfx51 G5 +740w},
	Publisher = {Printed by J. Moore for the author},
	Shorttitle = {Lives},
	Timestamp = {2007.08.07},
	Title = {The lives of the professors of Gresham College: to which is prefixed the life of the fovnder, Sir Thomas Gresham},
	Year = {1740}}

@book{Wittkower1988,
	Author = {Wittkower, Rudolf},
	Location = {London},
	Note = {4th edition with supplementary essays},
	Owner = {Owner},
	Publisher = {Academy Editions},
	Shortauthor = {Wittkower},
	Shorttitle = {Architectural principles},
	Timestamp = {2006.08.10},
	Title = {Architectural principles in the age of humanism},
	Year = {1988}}

@book{Wittkower1971,
	Author = {Wittkower, Rudolf},
	Location = {New York},
	Note = {3rd edition (1962) reprinted with `some corrections and adjustments'},
	Owner = {Owner},
	Publisher = {W.W. Norton \& Company},
	Shortauthor = {Wittkower},
	Shorttitle = {Architectural principles},
	Timestamp = {2006.08.10},
	Title = {Architectural principles in the age of humanism},
	Year = {1971}}

@book{WrenSoc1943,
	Author = {{Wren Society}},
	Location = {Oxford},
	Owner = {Owner},
	Publisher = {Wren Society},
	Shorttitle = {Wren Society},
	Timestamp = {2007.10.06},
	Title = {The Wren Society},
	Year = {1943}}

@book{Yates1964,
	Author = {Frances Amelie Yates},
	Location = {London},
	Owner = {Owner},
	Publisher = {Routledge \& Kegan Paul},
	Shorttitle = {Giordano {B}runo},
	Timestamp = {2006.11.01},
	Title = {Giordano {B}runo and the {H}ermetic tradition},
	Year = {1964}}

@book{Zupko1981,
	Author = {Ronald Edward Zupko},
	Date-Modified = {2008-02-13 20:49:06 -0500},
	Location = {Philadelphia},
	Owner = {LSF AS36 A53 M4 145},
	Publisher = {American Philosophical Society},
	Shorttitle = {Italian weights and measures},
	Timestamp = {2007.12.07},
	Title = {Italian weights and measures from the middle ages to the nineteenth century},
	Year = {1981}}

@book{OxfComp:WesternArt,
	Editor = {Hugh Brigstocke},
	Location = {http://www.groveart.com/},
	Owner = {Owner},
	Publisher = {Oxford University Press},
	Shorttitle = {Oxford companion to western art},
	Timestamp = {2006.06.04},
	Title = {Oxford companion to western art},
	Year = {2005}}

@book{DSB,
	Date-Modified = {2009-03-10 11:30:17 -0400},
	Editor = {Charles C. Gillispie},
	Location = {New York},
	Owner = {Owner},
	Publisher = {Scribner \& Sons},
	Shortauthor = {{Gillispie (ed.)}},
	Shorthand = {\emph{DSB}},
	Shorttitle = {DSB},
	Timestamp = {2006.05.21},
	Title = {Dictionary of scientific biography},
	Year = {1970--1990}}

@book{edGooding1989,
	Editor = {David Gooding and Trevor Pinch and Simon Schaffer},
	Location = {Cambridge},
	Owner = {Owner},
	Publisher = {Cambridge University Press},
	Shorttitle = {Uses of experiment},
	Timestamp = {2007.10.10},
	Title = {The uses of experiment: studies in the natural sciences},
	Year = {1989}}

@book{Grill1969,
	Editor = {Grill, Erik},
	Location = {Stockholm},
	Owner = {Owner},
	Publisher = {Kungliga Boktryckeriet P.A. Nordstedt \& S{\"o}ner},
	Timestamp = {2007.06.01},
	Title = {Svenskt biografiskt lexikon},
	Year = {1969--1971}}

@book{BEA,
	__Markedentry = {[Owner]},
	Date-Modified = {2009-03-29 00:16:41 -0400},
	Editor = {Thomas Hockey and Virginia Trimble and Thomas R. Williams and Katherine Bracher and Richard A. Jarrell and Jordan D. {March{\'e} \textsc{ii}} and F. Jamil Ragep and JoAnn Palmieri and Marvin Bolt},
	Location = {New York},
	Owner = {Owner},
	Publisher = {Springer},
	Shortauthor = {{Hockey \& al. (edd.)}},
	Shorthand = {\emph{BEA}},
	Shorttitle = {BEA},
	Timestamp = {2007.11.19},
	Title = {Biographical encyclopedia of astronomers},
	Year = {2007}}

@book{Jardine1996,
	Booktitle = {Cultures of natural history},
	Editor = {Jardine, N. and J.A. Secord and E.C. Spary},
	Location = {Cambridge},
	Owner = {Owner},
	Publisher = {Cambridge University Press},
	Shortauthor = {Jardine, Secord \& Spary (edd.)},
	Shorttitle = {Cultures of natural history},
	Timestamp = {2006.07.19},
	Title = {Cultures of natural history},
	Year = {1996}}

@book{edKeene2004,
	Editor = {Derek Keene and Arthur Burns and Andrew Saint},
	Location = {New Haven},
	Owner = {Owner},
	Publisher = {Yale University Press},
	Shorttitle = {St Paul's},
	Timestamp = {2007.09.04},
	Title = {St Paul's: the cathedral church of London 604--2004},
	Year = {2004}}

@book{edKelley1997,
	Editor = {Donald R. Kelley},
	Location = {Rochester, NY},
	Owner = {Owner},
	Shorttitle = {History and the disciplines},
	Timestamp = {2007.10.07},
	Title = {History and the disciplines: the reclassification of knowledge in early modern Europe},
	Year = {1997}}

@book{edKrol1997,
	Editor = {J. Krol},
	Location = {London},
	Owner = {Owner},
	Publisher = {Academy Editions},
	Timestamp = {2007.10.07},
	Title = {Library builders},
	Year = {1997}}

@book{edMoran1991,
	Editor = {Bruce T. Moran},
	Location = {Rochester, NY},
	Owner = {Owner},
	Publisher = {Boydell Press},
	Shorttitle = {Patronage and institutions},
	Timestamp = {2007.10.08},
	Title = {Patronage and institutions: science, technology, and medicine at the European Court 1500--1750},
	Year = {1991}}

@book{edOsler1991,
	Editor = {Margaret J. Osler},
	Location = {Cambridge},
	Owner = {Owner},
	Publisher = {Cambridge University Press},
	Shorttitle = {Atoms, pneuma and tranquillity},
	Timestamp = {2007.06.08},
	Title = {Atoms, pneuma and tranquillity: Epicurean and Stoic themes in European thought},
	Year = {1991}}

@comment{BibDesk Static Groups{
<?xml version="1.0" encoding="UTF-8"?>
<!DOCTYPE plist PUBLIC "-//Apple//DTD PLIST 1.0//EN" "http://www.apple.com/DTDs/PropertyList-1.0.dtd">
<plist version="1.0">
<array>
	<dict>
		<key>group name</key>
		<string>Group</string>
		<key>keys</key>
		<string></string>
	</dict>
</array>
</plist>
}}
